2500 4385
378 201 526 282 334
641 179 1020 277 Diffirtatio
1063 123 1222 256 Vll.
1280 186 1382 256 De
1414 184 1731 279 Religime
1766 184 2157 284 Christiana.

380 382 769 468 judaismum,
798 380 877 439 ita
911 373 974 439 δι
1000 375 1469 439 Libertinismum
1515 377 1947 456 detriumphans
1991 374 2205 440 Christi
2242 381 2342 441 Re-

380 487 526 568 ligio
555 505 572 559 ;
620 502 765 562 quae
797 500 925 544 cum
953 480 1019 543 fit
1045 497 1121 540 ex
1146 480 1393 542 veritate
1422 478 1862 558 prophetiarum
1880 525 1900 559 ,
1944 481 2339 544 miraculorum

376 588 568 669 gloria
590 633 610 665 ,
658 585 979 646 constantia
1006 586 1328 662 Martyrum
1352 628 1371 661 ‚
1419 576 1684 647 doetrina
1710 580 2139 662 Apostolorum
2156 579 2340 648 &Do-

370 686 638 769 ἃοῐηῐη,
680 688 1022 765 virtuteque
1046 672 1243 749 divina
1276 686 1535 771 latiffime
1558 702 1921 766 propagata,
1968 686 2143 750 alium
2159 689 2333 752 suiau-

364 787 594 857 &orem
624 810 731 854 nee
761 791 973 870 habet,
1027 807 1135 850 nee
1182 789 1401 849 habere
1436 786 1635 867 potest
1666 835 1686 869 ,
1746 809 1917 869 quam
1958 790 2335 869 Unigenitum

363 898 478 960 Dei
517 897 766 968 Pitinum
827 893 990 971 cujus
1038 909 1115 953 ex
1158 891 1536 970 promistione
1586 885 1649 953 ὢ
1696 891 2096 971 omnipotenti
2134 895 2338 961 virtute

362 1015 571 1063 contra
598 1014 805 1061 omnes
841 997 1023 1058 furias
1057 995 1381 1074 Paganicae
1404 994 1753 1074 Tyranniclis
1781 1041 1800 1074 ,
1856 996 2133 1077 Judaicae
2178 997 2339 1077 perfi-
2434 1000 2446 1049 i

338 1104 524 1182 ,diaes
570 1100 910 1163 Haereticae
950 1098 1259 1178 pravitatis
1292 1091 1356 1158 δε
1381 1104 1704 1173 mundanae
1742 1098 2036 1176 nequitiae
2070 1119 2179 1180 per
2202 1107 2333 1162 duo·

349 1204 652 1283 -deviginti
682 1207 888 1264 Secula
911 1200 1030 1278 jam
1066 1202 1360 1282 effloruit,
1408 1199 1546 1281 quin
1575 1206 1679 1262 vel
1719 1203 2071 1266 Idololatria
2111 1211 2212 1266 vel
2240 1207 2333 1289 Ju-

359 1308 604 1370 daismus
635 1308 741 1368 suis
765 1326 798 1365 e
826 1306 1008 1366 ruinis
1039 1307 1345 1384 exstugere
1375 1305 1712 1391 potuerint,
1759 1320 1859 1366 aut
1886 1302 2096 1384 portae
2123 1310 2351 1390 infero··
2442 1355 2446 1387 ⁴

354 1429 484 1474 rum
516 1426 614 1472 tot
648 1409 947 1470 haeresum
990 1409 1265 1470 monstris
1317 1423 1567 1469 armatae
1612 1396 1880 1489 unquam
1906 1413 2331 1491 praevalerent3
2444 1401 2446 1412 ⁴

353 1513 521 1590 quus
556 1533 640 1574 ,ex
681 1508 950 1574 dofflim
1000 1514 1206 1591 vigent
1245 1513 1306 1573 in
1350 1510 1600 1571 Ecclesia
1638 1511 1954 1596 Mysteria,
2000 1518 2328 1600 Dogmata,

353 1620 524 1683 Ritus
557 1614 622 1681 dr
656 1595 1026 1680 Sacramenta
1051 1621 1123 1676 ad
1148 1615 1327 1676 fidem
1354 1631 1554 1677 veram
1581 1609 1950 1696 &aeternam
1980 1621 2216 1683 salutem
2241 1639 2331 1695 nea
2439 1605 2446 1682 ἶ

351 1721 622 1801 ceffaria,
670 1738 842 1799 quam
885 1718 1182 1799 sublimia,
1227 1734 1347 1780 tam
1393 1716 1692 1779 credibilia
1722 1766 1742 1799 ‚
1800 1739 1970 1798 quam
2009 1723 2327 1802 incompte·

346 1812 645 1887 hensibilia
678 1871 698 1903 ,
743 1839 863 1885 tam
901 1821 1077 1901 digna
1104 1821 1315 1882 assensu
1346 1821 1487 1882 fidei
1512 1818 1833 1885 firrniflimo
1863 1842 1904 1900 3·
1928 1826 2093 1904 cujus
2138 1843 2215 1886 ex
2249 1826 2325 1885 in-

346 1926 657 1990 stitutione
696 1940 855 1990 tanta
886 1925 971 1985 est
990 1926 1346 1987 Christianae
1371 1924 1704 2003 Religionis
1744 1923 2077 2009 perfeetiQ
2125 1943 2191 1990 ut
2225 1929 2322 1988 Le·

344 2050 481 2110 gem
511 2022 575 2091 ἀ
603 2029 980 2108 Religionem
1016 2029 1365 2091 Naturalem
1392 2030 1465 2088 ab
1511 2027 1677 2089 omni
1718 2032 1930 2115 erroris
1972 2031 2326 2094 admixtione

344 2135 589 2214 liberet,
632 2147 792 2197 tanta
819 2130 1165 2213 plenitudO,
1204 2149 1271 2195 ut
1317 2130 1572 2195 divinam
1602 2151 1713 2212 pro
1754 2131 1904 2197 statu
1945 2120 2189 2199 naturae
2222 2139 2321 2197 Re·

339 2236 699 2301 velationem
730 2227 942 2317 augeat
974 2228 1038 2297 ὅτ.
1135 2251 1249 2297 ·net
1269 2281 1289 2313 ‚
1333 2248 1496 2298 tanta
1521 2242 1626 2298 lux
1659 2228 1723 2299 ὅτ.
1748 2238 1963 2301 veritas
2000 2286 2021 2319 ,
2076 2255 2145 2302 ut
2187 2239 2317 2302 anti-

341 2341 442 2419 qui
471 2340 737 2402 foederis
765 2343 1000 2402 umbras
1055 2338 1340 2417 illustret,
1385 2331 1449 2409 δι
1476 2339 1752 2418 splendor
1775 2353 1895 2401 tam
1948 2342 2217 2424 divinus,
2260 2355 2317 2401 ut

338 2442 622 2512 Ethnicae
677 2439 1099 2523 superstitionis
1130 2461 1196 2504 ac
1236 2440 1579 2520 quorumvis
1612 2460 1876 2504 errorum
1902 2449 2173 2509 tenebras
2209 2447 2309 2507 dis-

337 2553 523 2629 pellat
565 2567 635 2612 ae
676 2547 938 2610 eliminet
970 2566 989 2621 3
1037 2546 1202 2624 cujus
1240 2548 1472 2607 demum
1506 2560 1578 2603 ex
1610 2558 1849 2607 aeterno
1889 2548 2149 2613 Decreto
2176 2556 2315 2613 nulla

227 2653 230 2656 ’
300 2630 311 2638 ’
329 2653 487 2744 salus
513 2651 599 2712 illi
629 2697 648 2730 ‚
696 2650 791 2712 cui
832 2651 894 2711 in
922 2650 1015 2712 sua
1042 2648 1293 2748 Ecclesia
1322 2656 1488 2713 velut
1510 2667 1646 2711 arca
1667 2649 1841 2712 Novi
1877 2652 2158 2714 Foederis
2197 2670 2308 2735 per·

461 2755 690 2835 fugium
733 2774 859 2816 non
897 2752 1116 2832 fuerit,
1159 2769 1443 2830 regnante
1468 2752 1796 2831 haeresum,
1836 2772 2101 2819 errorum
2134 2774 2198 2822 ac

323 2892 385 2978 θ
709 2855 1072 2925 infidelitatis
1097 2856 1325 2919 diluvio
1354 2841 1651 2923 aeternum
1690 2856 1977 2956 pefitum·
2419 2849 2430 2987 ἶ

1888 3847 1890 3849 ·
1972 3823 2191 3917 Drs-
