2500 4385
746 224 1201 301 PRAELoQumM
1248 224 1558 285 Aua-oms.
1888 291 1909 317 ι
2091 202 2189 292 κγ’

164 408 245 470 tus
272 400 730 483 Christianismo
778 402 1148 483 Paganismus
1191 403 1535 484 reviviscat,
1580 400 2041 483 elaboratifflmas
2067 402 2178 480 sa·-

172 526 293 567 crae
327 491 696 587 Scripturae
731 502 1015 590 vindicias
1030 502 1339 567 ediderunt.
1425 508 1590 593 Qin
1619 505 1685 565 ὅθ’
1713 509 1771 566 in
1801 503 2016 587 Anglia
2040 509 2184 588 Rc-

167 608 336 669 BER
351 607 529 669 TUS
572 607 867 669 BOYLE·
882 605 1017 687 fere
1046 607 1345 686 sexcentos
1386 619 1518 690 quot
1558 610 1719 669 annis
1737 605 1983 684 florenos
2026 606 2186 691 lega-

172 714 286 785 vit,
321 708 675 794 pendendos
692 713 963 794 praeconi
981 710 1157 790 sacro
1185 729 1295 795 pro
1320 709 1668 789 sermonibus
1718 711 1869 786 ocio,
1912 710 2184 791 adversus

176 811 518 875 Incredulos
552 811 833 875 habendis
858 816 921 875 in
946 799 1120 875 annos
1131 810 1400 899 fingulos.
1486 813 1742 875 Berolini
1764 817 2069 895 nuperrime
2096 818 2185 874 ii:-

160 934 288 996 gens
308 919 657 997 praemium
689 917 775 978 illi
789 915 1159 1004 propositum,
1203 918 1298 999 qui
1316 916 1680 1000 praecellenti
1689 915 1912 998 scripm
1933 914 2186 998 Religio-

167 1038 281 1077 nem
328 1017 756 1081 vindicaverit
772 1041 796 1095 ,-
826 1021 1019 1103 paffim
1053 1027 1238 1092 autem
1253 1035 1359 1101 per
1390 1015 1727 1088 Provincias
1756 1020 1904 1100 Regi
1912 1015 2183 1096 subditas

159 1116 435 1201 publicae
475 1126 541 1183 in
583 1120 867 1203 Gymnas
822 1141 894 1181 ις
938 1118 1216 1185 habentur
1254 1120 1631 1203 Institutiones
1680 1137 1790 1203 pro
1814 1118 2177 1204 stabilienda

175 1225 443 1283 veritate
507 1243 586 1284 ac
621 1222 934 1285 divinitate
982 1222 1291 1306 Religionis
1335 1222 1708 1312 Christianae.
1831 1228 2018 1316 Atque
2056 1223 2182 1286 ideo

174 1322 613 1387 CLEMENS
646 1330 837 1389 ‚XIIL
877 1329 938 1392 in
959 1327 1077 1407 sua
1106 1326 1412 1409 Encyclica
1440 1329 1632 1390 intimo
1654 1326 1871 1407 solatio
1899 1325 2204 1410 Ecclefiae

175 1427 527 1503 gratulatur
547 1469 570 1501 ‚
650 1425 795 1511 quod
820 1432 1168 1513 praeprimis
1199 1428 1464 1493 Praelati
1510 1428 1886 1514 Ecclefiastici
1946 1432 2004 1491 in
2071 1427 2186 1492 hac

186 1525 505 1592 avertenda
536 1531 692 1615 peste
710 1532 903 1614 fortes
944 1533 1252 1617 ,vigilesque
1276 1532 1536 1596 haetenus
1568 1529 1863 1604 extiterint
1889 1552 1910 1605 ‚⁴
1937 1531 2013 1595 *id
2038 1531 2187 1616 quod

193 1627 627 1716 Herbipolitani
672 1635 964 1716 Pontificis
980 1677 1000 1711 ,
1045 1625 1324 1696 multoties
1359 1632 1786 1720 bibliopolarum
1822 1634 2184 1718 receptacula

192 1740 372 1796 excuti
385 1779 408 1811 ,
453 1748 633 1821 atque
664 1735 740 1797 ab
767 1741 913 1799 omni
931 1737 1108 1820 faece
1116 1733 1264 1824 fidet
1293 1737 1360 1799 Β
1380 1756 1589 1802 morum
1613 1739 1953 1849 corruptrice
1979 1755 2187 1822 expur-
2231 1769 2236 1770 ff

176 1841 314 1916 gari
324 1881 347 1915 ,
390 1838 730 1903 mandantis
744 1881 768 1918 ,
811 1833 1007 1910 laudes
1029 1843 1341 1930 cumprimis
1358 1827 1609 1928 spec‘tat.

998 2022 1067 2126 ς,
1173 2013 1354 2106 w.

371 2198 686 2264 Praeterea
719 2203 916 2284 ansam
942 2199 1108 2285 hujus
1139 2201 1407 2287 Opusculi
1432 2199 1588 2267 dedit
1609 2190 1853 2269 annutus
1869 2201 2187 2270 CELSJS-

215 2301 430 2380 SIMI,
470 2328 571 2389 quo
604 2305 814 2368 habita
836 2324 945 2389 pro
962 2304 1317 2369 vindicanda
1352 2305 1641 2388 Religione
1660 2310 2036 2389 Inauguratio
2054 2307 2181 2367 Do·
2222 2326 2224 2335 ⁴

217 2408 416 2468 tiorum
450 2407 780 2491 Theologiae
805 2408 927 2471 luce
944 2409 1181 2492 publica
1207 2407 1473 2471 donanda
1513 2418 1682 2483 erat,·
1723 2427 1864 2491 quae
1889 2429 2021 2473 zero
2033 2406 2175 2492 plu-

213 2508 365 2572 ribus
383 2516 504 2592 jam
524 2508 1027 2596 Differtationibus
1069 2498 1237 2573 auita
1280 2511 1347 2570 δ’
1371 2509 1634 2586 exculta,
1672 2499 1920 2591 glorioso
1959 2510 2176 2593 glorio-

192 2610 367 2694 fiffimi
392 2617 807 2679 PRINCIPIS
834 2616 1061 2678 Nomini
1092 2623 1156 2675 ut
1184 2608 1551 2692 inscribatur,
1583 2611 1845 2674 obtinuit.
1929 2610 1999 2675 Id
2028 2607 2180 2696 quod

187 2716 567 2800 sapientiffime
614 2739 685 2781 ac
713 2719 1030 2802 optatiffime
1059 2719 1282 2790 evenit5
1319 2725 1435 2776 tum
1459 2724 1524 2776 ut
1550 2714 1775 2800 hujates
1809 2708 1946 2777 libri
1979 2713 2189 2797 claffici

197 2814 388 2884 bacin
409 2830 592 2905 parte
637 2821 1014 2905 compleantur
1026 2843 1051 2895 >⁰
1093 2829 1208 2881 tum
1232 2827 1298 2879 ut
1324 2818 1538 2882 Patria
1562 2816 1751 2899 nostra
1785 2840 1893 2879 non
1918 2815 2201 2899 destituet-r

197 2932 288 2995 tur
310 2923 416 2987 hoc
445 2923 824 3008 qualicunque
862 2920 1154 2997 antidoto,
1196 2918 1399 3001 legenti
1427 2921 1494 2981 65
1523 2914 1875 3003 intelligenti,
1901 2924 1963 2983 ni
1971 2920 2186 3001 fallor,

175 3026 558 3104 saluberrimo
599 3021 1050 3110 efficaciffimoque
1080 3023 1350 3103 adversus
1390 3020 1732 3121 graffantem
1766 3021 1954 3103 ferme
1993 3022 2187 3086 ubivis

182 3129 553 3214 [mpietatem.
634 3128 827 3229 Hasce
859 3149 987 3213 ergo
1021 3125 1102 3189 V
1103 3126 1324 3190 ndzczas
1350 3114 1598 3189 debemus
1633 3127 2008 3189 PRINCIPI
2054 3130 2177 3187 No-
2251 3148 2254 3153 '

172 3229 288 3311 stro
318 3236 533 3295 avitae
567 3234 880 3316 Religionis
895 3231 1190 3314 fortiffimo
1217 3227 1468 3305 vindici,
1510 3233 1670 3314 cujus
1698 3228 2044 3309 tamfidm‘lis
2071 3249 2181 3290 nu·

187 3328 336 3400 tibus
365 3359 482 3400 non
523 3332 930 3415 obsecundare,
958 3335 1230 3414 summum
1265 3330 1470 3412 nefas·
1444 3378 1466 3409 ‚
1511 3330 1760 3395 debemus
1805 3332 2071 3416 propriae
2112 3347 2189 3392 aa

181 3435 411 3501 a'lienae
449 3436 518 3501 de
528 3439 725 3519 sacris
739 3437 950 3521 studiis
987 3434 1521 3520 Wrceburgenfium
1544 3432 1943 3516 existimationi
1956 3474 1977 3508 ‚
2025 3435 2186 3513 cujus

186 3536 412 3604 dedecet
457 3538 556 3625 effe
592 3542 841 3604 incurios
854 3563 897 3615 3-
937 3537 1183 3603 debemus
1212 3541 1453 3600 Patriae
1490 3536 1709 3618 nostrae
1742 3534 1870 3598 inde
1919 3554 1959 3596 a
1998 3536 2190 3623 primo

178 3640 316 3719 fidei
350 3643 717 3726 Christianae
760 3652 888 3705 ortu
905 3644 1015 3731 suo
1034 3636 1332 3723 fervide¹
1326 3661 1398 3705 ac
1430 3639 1757 3723 constanter
1796 3636 2176 3712 orthodoxae,

183 3766 324 3831 erga
359 3769 523 3833 quau
560 3767 757 3815 amore
786 3766 1014 3841 carere,
1043 3743 1232 3829 scelus
1265 3742 1382 3828 est·
1356 3789 1379 3824 ,
1427 3742 1678 3808 debemus
1715 3738 2027 3837 Ecclefiae,
2046 3759 2184 3825 erga

1915 3861 2084 3924 quam
