2500 4385
402 235 556 306 310
636 295 645 304 ἱ
703 208 1081 307 Diffirtatio
1123 214 1279 288 VII.
1340 216 1442 284 De
1465 212 1788 303 Religione
1814 210 2218 295 Christiana.

418 398 765 489 generibus,
815 405 877 472 ὅτ.
908 412 1060 471 inter
1085 409 1370 486 fatigatos
1416 388 1715 471 carnifices
1754 418 2001 473 multam·
2040 423 2255 470 tenere
2303 428 2403 488 pa·

413 516 723 586 tientiam;
772 514 1168 575 existimarunt
1212 512 1315 590 id,
1363 516 1522 588 quod
1560 531 1651 572 res
1697 513 1779 571 est
1822 559 1841 592 ,
1901 532 2011 573 nec
2052 512 2398 578 consensum

411 631 529 677 tam
571 622 927 694 multorum,
975 615 1598 693 nec-perseverantiam
1618 617 1989 678 molientium
2022 633 2245 686 vanam
2264 616 2400 695 effe,

412 738 521 780 nec
558 720 733 798 ipsam
773 718 1113 798 patientiam
1146 717 1263 778 fine
1305 719 1435 778 Deo
1468 719 1756 781 cruciatus
1793 735 1995 784 tantos
2034 723 2220 800 pofl'e
2211 721 2402 799 mpe-

401 842 547 884 rare.
567 824 612 866 ‘5‘
1582 891 1594 906 ¹

553 963 648 1010 vid
663 970 827 1008 eantur
859 960 961 1007 An
986 959 1044 1007 G.
1083 959 1134 1006 L.
1170 958 1330 1006 XXII.
1368 957 1426 1003 de
1469 958 1565 1004 Civ.
1608 956 1657 1004 C,
1703 967 1742 1008 5.
1823 959 1946 1005 Item
1988 959 2131 1016 Epist.
2173 958 2301 1005 olim
2335 958 2395 1003 ad

403 1043 644 1092 volusian.
695 1045 731 1090 L
750 1047 789 1091 A
805 1045 838 1091 C
857 1041 901 1091 T
920 1047 958 1090 A
981 1043 1025 1088 N
1044 1042 1103 1088 Τ.
1159 1041 1209 1085 L.
1250 1040 1311 1085 V.
1346 1036 1493 1086 Instit.
1528 1040 1577 1086 C.
1622 1047 1691 1091 13.
1759 1040 2046 1097 Cumprimis
2079 1050 2248 1096 autem
2292 1051 2398 1096 gra·

404 1126 586 1174 vissima
625 1126 669 1173 S.
705 1129 739 1175 C
757 1128 802 1173 H
821 1127 861 1172 R
877 1124 919 1172 Y
941 1125 970 1170 S
988 1126 1026 1171 Ο
1043 1126 1072 1170 S
1091 1124 1134 1169 T
1153 1124 1191 1169 Ο
1213 1124 1269 1170 Μ
1284 1123 1307 1168 1
1340 1119 1671 1194 demonstratio
1704 1124 1849 1178 (quod
1867 1122 2073 1168 Christus
2096 1121 2155 1168 sit
2189 1122 2345 1174 Deus)

466 1290 587 1361 111⁴
653 1286 1005 1359 Stabilitas
1038 1243 1394 1378 Religioni}
1441 1280 1849 1379 Christianae
1883 1302 1998 1379 per
2046 1299 2150 1353 tot
2181 1285 2331 1383 jam

710 1406 938 1478 Secula
966 1409 1277 1500 ‚eximium
1308 1404 1580 1476 divinae
1616 1403 2078 1475 Providentiae
2163 1481 2166 1486 ⁵

1049 1592 1054 1598 .
1106 1527 1461 1623 prodigium
1515 1527 1616 1623 est.

475 1711 478 1718 ⁴
566 1688 994 1750 PRoBATxo.
1040 1681 1464 1746 Nihilhomine
1487 1679 1551 1746 δι
1573 1683 2385 1747 rebushumanisinconstan·

399 1793 540 1869 tiUS,
565 1801 773 1870 utpote
801 1808 1039 1869 quarum
1072 1805 1146 1848 ex
1182 1789 1475 1849 levissimis
1510 1787 1683 1849 causis
1721 1788 2008 1847 maximae
2049 1789 2204 1851 fiunt
2238 1809 2379 1850 con-

399 1898 699 1958 verfiones
728 1940 747 1973 ‚
789 1887 853 1954 ἀ
879 1895 1160 1955 torrentis
1199 1892 1376 1953 instar
1405 1906 1536 1953 cum
1577 1889 1859 1969 temporis
1890 1890 2054 1953 fluxu
2087 1893 2383 1971 abripiun.

399 2015 496 2063 tur
527 1991 590 2061 82
617 2011 914 2059 mutantur
944 1997 1195 2056 humana
1222 2011 1242 2066 3
1290 2000 1419 2054 'cum
1446 1995 1627 2073 igitur
1651 1994 1978 2070 Religionis
2016 1975 2408 2057 Christianae

399 2095 727 2165 institutum
765 2098 947 2159 solum
978 2113 1317 2176 permaneat
1343 2096 1681 2176 immotum,
1729 2095 1993 2160 divinum
2025 2101 2138 2161 esse
2183 2107 2377 2160 coele·

402 2206 588 2284 stique
610 2204 671 2265 vi
716 2201 1043 2281 contineri,
1085 2204 1372 2263 necessum
1418 2201 1522 2261 est.
1607 2202 1835 2263 Millies
1863 2196 1940 2264 ¹&
1984 2206 2237 2284 amplius
2274 2206 2373 2265 im.

398 2311 659 2372 minebat
688 2306 1019 2384 Religionis
1042 2305 1275 2396 nostrae
1301 2306 1488 2378 ferale
1523 2304 1853 2366 excidium:
1892 2304 2155 2381 jamdum
2190 2308 2250 2367 in
2293 2308 2388 2368 sui.

401 2427 539 2475 ortu
580 2412 911 2471 incurrebat
954 2409 1015 2470 in
1053 2406 1254 2470 odium
1298 2408 1612 2487 sapientum
1651 2454 1669 2488 ,
1717 2409 1778 2469 in
1823 2412 2228 2490 contemptum
2270 2430 2372 2490 po·

400 2517 561 2598 puli,
602 2514 664 2576 in
702 2513 925 2592 minaS,
963 2518 1149 2591 le‘geS,
1194 2505 1780 2590 edicia,‘opprobria
1806 2502 1869 2574 δε
1906 2511 2216 2594 supplicia,
2251 2534 2369 2577 tum

396 2640 431 2681 a
455 2610 649 2681 feroci
674 2619 1024 2695 Synagoga,
1060 2630 1234 2675 tuma
1260 2613 1563 2692 gentilium
1594 2616 1800 2685 furore
1830 2616 2121 2679 intentata
2149 2616 2173 2677 ἐ
2222 2637 2368 2678 nunc

398 2726 471 2786 ab
498 2720 754 2784 externis
787 2719 1055 2781 violente
1078 2717 1414 2795 impugnata
1433 2714 1726 2798 hostibuS,
1751 2737 1907 2781 nunc
1934 2718 2223 2782 intestinis
2245 2740 2371 2799 gra-

395 2826 553 2887 viter
587 2820 1200 2885 commotadisfidiis:
1258 2822 1988 2901 quaudoque'ignorantia
2037 2815 2103 2884 ἃ
2142 2843 2369 2885 morum

395 2926 817 3008 depravatione
855 2924 1013 3003 quafi·
1039 2931 1136 2986 lue
1162 2931 1408 2989 multum
1427 2917 1723 2986 tabefacta
1758 2926 1818 2986 in
1857 2925 2167 2988 discrimen
2196 2946 2370 2988 vene-

385 3048 513 3105 rat;
556 3031 643 3092 ast
688 3028 944 3109 perstitit
981 3028 1344 3108 inconcussa,
1389 3029 1609 3107 semper
1647 3028 1898 3111 lacefitu,
1945 3048 2244 3107 nunquam
2272 3035 2366 3090 de.

389 3130 591 3215 vieta,
635 3134 716 3197 ita
759 3146 825 3193 ut
862 3131 1090 3210 sanguis
1128 3112 1454 3210 Martyrum
1487 3132 1676 3192 semen
1714 3132 1853 3193 effet
1880 3126 2362 3219 Christianorum,

396 3233 463 3301 ὅτ
495 3256 569 3298 ex
596 3212 739 3316 ipsis¹
755 3233 1093 3297 vulneribus
1111 3280 1130 3314 ,
1177 3254 1325 3315 quae
1343 3234 1525 3296 variis
1545 3230 1907 3313 temporibus
1933 3236 2121 3297 Matri
2165 3239 2360 3300 iutulc

393 3356 529 3404 runt
557 3345 888 3419 perduelles
916 3339 1057 3418 filii,
1103 3339 1353 3399 Ecclesia
1386 3339 1604 3418 semper
1634 3355 1826 3399 novas
1850 3338 2011 3404 vires
2052 3339 2358 3419 sumplerit.

382 3444 704 3507 Interitura
734 3445 934 3505 forent
957 3444 1204 3520 Regna,
1250 3441 1351 3501 nifi
1393 3447 1555 3520 leges
1589 3428 1787 3518 Regni
1814 3445 2097 3504 cederent
2140 3444 2356 3505 neceffi

391 3546 546 3611 tati
530 3591 549 3619 ‚
604 3541 668 3607 ὅτ.
710 3542 1088 3606 nihilominus
1118 3544 1465 3607 interierunt
1495 3547 1700 3621 Regna
1728 3542 1827 3604 illa
1852 3544 2084 3622 omnia,
2124 3563 2356 3625 quorum

390 3650 726 3712 dominatus
762 3651 834 3705 ad
861 3663 1046 3707 annos
1070 3647 1229 3708 mille
1272 3647 1628 3726 quingentos
1655 3645 1766 3706 sese
1807 3667 2108 3726 nunquam
2159 3667 2354 3729 expor-

382 3744 568 3827 texit.
655 3746 868 3810 Christi
898 3751 1168 3837 Regnum
1193 3749 1353 3813 ceffit
1377 3767 1670 3829 nunquam
1693 3753 1769 3811 de
1788 3746 1991 3831 rigore
2033 3753 2257 3817 fixarum
2280 3759 2354 3820 le·

2148 3874 2279 3934 gum
