2500 4385
320 194 490 289 156·
636 190 1015 285 Diffirtatio
1063 198 1149 267 Vg
1212 198 1315 266 De
1346 152 1669 289 Religion-e
1703 197 2035 291 Paganica:

1593 334 1992 361 -,.............

316 392 490 471 hujus
531 394 689 455 usum
717 394 980 471 eripiunt
1016 393 1075 452 in
1108 406 1450 470 perpetuum
1488 436 1510 469 ,
1555 391 1729 469 idque
1777 394 1854 453 ob
1913 387 2308 453 homicidium

319 502 553 562 aliudve
588 491 864 559 delictum
896 497 1049 555 intra
1089 495 1471 557 brevisfimam
1509 494 1792 573 temporis
1822 510 2043 555 moram
2088 511 2297 573 perpe.

313 619 550 670 tratum.
654 604 845 660 Homo
894 597 1155 677 graviter
1202 602 1536 676 peccandO,
1595 597 1657 658 in
1701 600 1893 675 eoque
1932 612 2184 677 peccato
2229 601 2303 659 ad

318 723 574 773 mortem
604 714 785 781 usque
817 701 1243 784 perseverando
1277 746 1298 778 ,
1346 700 1558 762 avertit
1589 700 1642 760 se
1681 719 1711 760 a
1747 701 1912 780 Dee,
1943 701 2002 762 in
2035 714 2302 761 creatura

319 811 512 893 posuit
546 809 721 868 finem
750 798 907 867 suum
946 805 1214 866 ultimum
1236 848 1257 882 ‚
1300 802 1409 863 Dei
1438 802 1747 865 amicitiam
1794 802 2053 865 diffolv-it
2089 848 2108 881 ,
2168 820 2296 883 gra-

312 919 396 980 tia
445 908 511 978 δι
553 911 835 989 charitate
882 909 1058 971 semet
1095 906 1369 986 spoliavit
1413 952 1433 983 ,
1504 904 1791 993 acproin
1834 903 1889 965 se
1927 904 1982 964 se
2036 902 2297 980 conjecit

316 1022 500 1083 libere
526 1018 585 1077 in
619 1035 748 1093 eum
776 1010 1019 1090 statum,
1061 1030 1096 1072 e
1143 1026 1261 1089 quo
1289 1004 1342 1069 se
1373 1008 1433 1068 in
1462 1024 1758 1072 aeternum
1798 1007 2054 1070 eximere
2087 1004 2304 1089 pecca4

313 1140 416 1190 tor
448 1123 565 1205 ipse
601 1140 722 1182 non
748 1115 944 1196 potest
957 1134 978 1189 3
1024 1115 1184 1175 Deus
1213 1106 1405 1173 autem
1437 1131 1545 1173 nec
1587 1116 1755 1191 vult,
1801 1130 1909 1171 nec
1952 1113 2132 1171 debet
2172 1111 2295 1170 exi-

314 1246 510 1305 mere,
544 1242 672 1284 cum
701 1220 836 1302 post.
863 1232 1113 1279 mortem
1144 1235 1265 1279 non
1289 1213 1411 1292 jam
1439 1215 1682 1294 veniae,
1711 1212 1805 1278 sed
1819 1206 2123 1276 vindictae
2148 1229 2295 1274 tem-

310 1350 421 1415 pus
468 1323 531 1390 &
558 1334 720 1390 locus
744 1325 831 1384 fit.
916 1320 1065 1381 Hinc
1091 1319 1341 1380 Ecclesia
1379 1338 1489 1397 pro
1518 1319 1798 1380 damnatis
1828 1337 1935 1379 nec
1959 1332 2128 1394 orat,
2186 1328 2296 1378 nec

316 1434 510 1495 oravit
534 1448 784 1508 unquam
805 1472 825 1504 ,
870 1437 1081 1505 utpote
1106 1440 1250 1500 quos
1287 1423 1456 1483 novit
1485 1424 1594 1484 effe
1627 1438 1788 1486 extra
1815 1422 2293 1483 communionem

315 1528 701 1604 San&orum;
734 1531 868 1591 hinc
897 1521 1093 1599 Sancti
1147 1527 1205 1586 in
1247 1526 1421 1585 caelis
1465 1528 1756 1603 nunqtia'm
1773 1528 1911 1607 ‘pro
1952 1529 2163 1587 iisdem
2206 1525 2291 1584 in-

312 1644 615 1703 tercedent
642 1636 794 1714 apud
821 1635 1009 1693 Deum
1030 1678 1050 1710 ,
1083 1629 1245 1707 cujus
1290 1622 1685 1690 sanc'tissimam
1720 1621 1785 1691 δι
1819 1630 2181 1706 justiffimam
2218 1633 2291 1688 de

310 1760 630 1823 poenarum
657 1734 997 1797 aeternitate
1024 1740 1388 1794 voluntatem
1417 1734 1714 1794 intuentur
1738 1726 1801 1793 &
1841 1739 2125 1807 adorant;
2153 1735 2291 1795 hinc

309 1849 372 1908 S.
402 1848 873 1909 Ganooaxus
901 1886 922 1919 ‚
968 1885 1012 1919 „
1060 1839 1433 1915 omnipotens
1477 1836 1637 1898 Deus
1663 1835 1978 1919 (aithuia
2022 1839 2153 1920 pius
2182 1837 2288 1915 est,

314 1934 648 2009 miserorum
694 1944 948 2007 cruciatu
1006 1961 1126 2002 non
1176 1940 1427 2019 pascitur
1459 1985 1479 2016 ,
1537 1940 1667 2016 quia
1709 1956 1899 2002 autem
1947 1940 2137 2023 justus
2169 1942 2284 2020 est,

312 2057 384 2115 ab
417 2052 746 2128 iniquorum
776 2046 1001 2109 ultione
1039 2062 1160 2107 non
1192 2043 1416 2103 sedatur
1443 2061 1463 2125 5
1494 2043 1539 2078 ‘⁶
1574 2036 1638 2104 ὅτ
1679 2045 1736 2103 S.
1762 2046 1869 2106 Au
1889 2064 2237 2107 ous‘rmu
2258 2065 2290 2106 ⁹

307 2162 483 2226 docet
517 2176 532 2217 :
601 2201 647 2234 „
698 2148 829 2229 quia
862 2148 1184 2225 cuicunque
1215 2151 1419 2225 culpae
1445 2192 1465 2225 ,
1538 2146 1720 2225 qualis
1764 2140 1828 2208 ἀ
1850 2164 2061 2227 quanta
2090 2169 2285 2228 poena

310 2262 588 2336 debetur,
629 2256 811 2318 divini
847 2251 1053 2334 judicii
1091 2250 1206 2329 est,
1244 2270 1363 2310 non
1390 2249 1674 2323 humani3
1725 2250 1808 2311 fic
1849 2252 2121 2329 scriptum
2166 2252 2284 2312 est:

313 2383 352 2424 o
385 2364 633 2423 altitudo
676 2368 688 2416 2
732 2359 777 2391 “
804 2360 961 2417 Haec
1000 2375 1123 2416 non
1163 2355 1358 2432 capiS,
1395 2354 1738 2413 incredule?
1813 2359 1983 2417 crede
2035 2347 2100 2416 (ἵε
2145 2356 2292 2418 time.

303 2453 590 2527 infinitam
612 2459 928 2541 justitiam,
962 2473 1027 2524 ut
1060 2456 1200 2518 olim
1246 2454 1453 2518 sentias
1493 2455 1771 2518 infinitam
1817 2441 2161 2520 bonitatem.

428 2616 661 2672 GREG.
703 2615 886 2674 Dialog.
922 2614 1007 2662 1v.
1054 2647 1068 2659 .
1103 2647 1117 2662 .
1153 2646 1167 2658 .
1200 2612 1373 2659 AUG.
1413 2612 1463 2657 L.
1503 2610 1568 2658 11.
1614 2612 1672 2657 de
1707 2620 1802 2659 nat.
1840 2613 1963 2660 boni.
2007 2628 2045 2660 c.
2095 2623 2170 2667 31.

438 2741 574 2803 ·V1.
620 2739 763 2819 Quis
787 2737 852 2798 fit
876 2738 976 2799 ille
1006 2740 1175 2796 locus
1202 2747 1664 2811 tormentorum,
1700 2725 1764 2793 δι
1793 2736 1896 2796 ubi
1926 2734 1993 2796 fit
2035 2737 2281 2799 domici-

294 2839 448 2907 ]ium
469 2847 868 2904 damnatorum
888 2886 909 2919 ,
932 2858 1113 2900 nemo
1133 2836 1439 2899 hominum
1457 2836 1649 2896 novit.
1735 2837 1961 2901 Dicitur
1989 2840 2279 2919 gehenna,

307 2968 454 3026 quae
485 2962 676 3007 autem
704 2962 831 3006 vox
857 2942 1063 3004 nullibi
1094 2943 1151 3001 in
1192 2941 1271 3001 V.
1299 2941 1371 3001 T.
1403 2959 1513 3017 pro
1552 2938 1788 3027 inferno
1827 2942 2160 3020 accipitur3
2196 2935 2287 3017 t&-

304 3051 386 3111 'ex
417 3048 608 3110 radice
636 3048 945 3110 Chaldaica
979 3047 1232 3126 praecise
1272 3051 1513 3106 denotat
1563 3049 1778 3105 vanem
1827 3046 2085 3106 filiorum
2128 3051 2283 3108 Hen-

309 3151 449 3218 non.
534 3152 764 3213 Dicitur
787 3152 1048 3213 infernus
1074 3197 1095 3230 ‚
1134 3148 1407 3210 hebraice
1442 3150 1480 3208 S
1499 3166 1635 3209 ene
1658 3167 1692 3207 o
1712 3168 1752 3212 L
1777 3193 1797 3226 ,
1843 3147 1988 3226 quae
2014 3166 2146 3209 vox
2170 3170 2277 3228 pro

312 3255 622 3336 sepulchro*
653 3255 927 3333 ponitur3
982 3254 1066 3313 uti
1105 3252 1267 3316 dese
1301 3255 1546 3333 JacoB
1598 3248 1745 3312 dixit
1773 3269 1789 3310 τ
1842 3297 1886 3331 „
1938 3253 2274 3313 descendam

300 3365 388 3424 ad
410 3360 589 3422 filium
632 3377 823 3420 meum
859 3363 1065 3436 lugens
1093 3357 1151 3418 in
1184 3338 1520 3429 infernum}
1548 3401 1592 3433 υ
1635 3354 1755 3414 imo
1784 3373 1910 3415 vox
1946 3360 2146 3415 eadem
2176 3348 2273 3416 ex·

305 3463 509 3546 primit
547 3462 870 3541 infernum,
930 3463 990 3523 in
1018 3480 1186 3538 quem
1234 3458 1362 3523 vivi
1413 3457 1758 3520 descendiss'e
1803 3458 2071 3520 dicuntur
2100 3461 2273 3540 Core,

307 3565 541 3632 Dathan
578 3557 642 3627 &
671 3565 922 3628 Abiron.
996 3565 1258 3628 nemum
1301 3582 1407 3626 nec
1451 3567 1523 3627 cle
1568 3561 2006 3626 immortalitate
2035 3553 2277 3643 animae,

311 3688 420 3733 nec
454 3675 524 3730 de
568 3669 800 3730 inferno
838 3673 940 3731 vel
973 3670 1282 3732 verbulum
1329 3664 1504 3727 habet
1538 3664 1964 3728 pentateuchus
1994 3669 2276 3745 Mosrs,

309 3777 383 3834 de
417 3773 626 3851 quibus
654 3783 851 3852 tamen¹
880 3765 944 3834 δι
978 3770 1172 3863 potuit
1203 3762 1268 3833 δι
1299 3755 1500 3834 debuit
1529 3789 1635 3832 ceu
1665 3769 2004 3850 Legislator
2031 3773 2276 3831 edocere

2000 3891 2194 3954 popl-
